ISA*00*          *00*          *ZZ*PAYER          *ZZ*PROVIDER       *260407*1200*^*00501*000000002*0*P*:~
GS*HP*PAYER*PROVIDER*20260407*1200*2*X*005010X221A1~
ST*835*0001~
BPR*I*100*C*ACH*CTX*01*999999999*DA*123456789*1234567890*01*999988880*DA*987654321*20260407~
TRN*1*100000001*1999999999~
CLP*CLAIM-001*1*500*400*100*12*ICN00001*11*1~
SVC*HC:99213*400*400**1~
SE*6*0001~
GE*1*2~
IEA*1*000000002~
